<?xml version="1.0" encoding="UTF-8"?><collection xmlns="http://www.loc.gov/MARC21/slim"><record><leader>00628nam--2200181-i-4500</leader><controlfield tag="001">000000267</controlfield><controlfield tag="002">20161230</controlfield><controlfield tag="005">20161230201023</controlfield><controlfield tag="008">060222s1000------------r-----000-0-eng-d</controlfield><datafield ind1=" " ind2=" " tag="040"><subfield code="a">IFIN-HH</subfield></datafield><datafield ind1=" " ind2=" " tag="080"><subfield code="a">533.95:532:530.12</subfield></datafield><datafield ind1="1" ind2=" " tag="100"><subfield code="a">Wasserman, Robert</subfield></datafield><datafield ind1="1" ind2="0" tag="245"><subfield code="a">Fundamental topics in relativistic fluid mechanics and magnetohydrodynamics</subfield><subfield code="b">Proceedings of a symposium held at michigan state university october 1962</subfield><subfield code="c">Robert wasserman, charles p. wells (eds.)</subfield></datafield><datafield ind1=" " ind2=" " tag="260"><subfield code="a">New York</subfield><subfield code="b">Academic Press</subfield><subfield code="c">1963</subfield></datafield><datafield ind1=" " ind2=" " tag="300"><subfield code="a">X + 241 P</subfield></datafield><datafield ind1="1" ind2=" " tag="700"><subfield code="a">Wells, Charles P</subfield><subfield code="e">Ed</subfield></datafield><datafield ind1=" " ind2=" " tag="852"><subfield code="a">19724</subfield><subfield code="c">538.4</subfield></datafield><datafield ind1=" " ind2=" " tag="CAT"><subfield code="a">Sys</subfield><subfield code="c">20110919</subfield><subfield code="h">162109</subfield></datafield></record></collection>